@article{li2021opengauss,
    title={openGauss: an autonomous database system},
    author={Li, Guoliang and Zhou, Xuanhe and Sun, Ji and Yu, Xiang and Han, Yuxing and Jin, Lianyuan and Li, Wenbo and Wang, Tianqing and Li, Shifu},
    journal={Proceedings of the VLDB Endowment},
    volume={14},
    number={12},
    pages={3028--3042},
    year={2021},
    publisher={VLDB Endowment}
}

@article{li2024opengauss,
    title={openGauss: An Enterprise-Grade Open-Source Database System},
    author={Li, Guoliang and Zhou, Xuanhe and Sun, Ji and Yu, Xiang and Han, Yuxing and Jin, Lianyuan and Li, Wenbo and Wang, Tianqing and Li, Shifu},
    journal={Journal of Computer Science and Technology},
    volume={39},
    number={1},
    pages={1--20},
    year={2024},
    publisher={Springer}
}

@inproceedings{opengauss2021performance,
    title={High-Performance Transaction Processing with NUMA-Aware Architecture in openGauss},
    author={openGauss Community},
    booktitle={Database System Performance Optimization},
    year={2021}
}

@misc{opengauss2024parallel,
    title={Parallel Data Import and Processing in openGauss},
    author={openGauss Documentation Team},
    howpublished={\url{https://opengauss.org/en/docs/1.0.0/docs/Developerguide/parallel-data-import.html}},
    year={2024}
}

@article{numa2020optimization,
    title={NUMA-Aware Memory Optimization for Database Systems},
    author={Wang, Tianqing and Li, Guoliang},
    journal={Computer Systems Research},
    volume={8},
    number={2},
    pages={45--62},
    year={2020}
}

@inproceedings{parallel2021materialization,
    title={Parallel Materialization Strategies in Modern Database Systems},
    author={Sun, Ji and Yu, Xiang},
    booktitle={International Conference on Database Systems for Advanced Applications},
    pages={123--140},
    year={2021},
    organization={Springer}
}

@book{database2022concurrency,
    title={Concurrency Control and Parallel Processing in Database Systems},
    author={Han, Yuxing and Jin, Lianyuan},
    publisher={Academic Press},
    year={2022}
}

@misc{opengauss2024github,
    title={openGauss Database Server Source Code},
    author={openGauss Community},
    howpublished={\url{https://github.com/opengauss-mirror/openGauss-server}},
    year={2024}
}